%% This is a collection of stubs of the most frequently used bibtex entries
%% with the required fields. Please refer to BibTeX/BibLaTeX docs for
%% additional details.
%% http://biblatex-biber.sourceforge.net/

%% An article from a journal or magazine.
@INPROCEEDINGS{wu, 
author={C. {Wu}}, 
booktitle={2015 IEEE Conference on Computer Vision and Pattern Recognition (CVPR)}, 
title={P3.5P: Pose estimation with unknown focal length}, 
year={2015}, 
volume={}, 
number={}, 
pages={2440-2448}, 
keywords={image filtering;pose estimation;unknown focal length;camera pose estimation;7 degrees of freedom;3D image points;minimal P3.5P problem;image coordinate;image filtering;Cameras;Polynomials;Three-dimensional displays;Transmission line matrix methods;Quaternions;Accuracy}, 
doi={10.1109/CVPR.2015.7298858}, 
ISSN={1063-6919}, 
month={June},}


@INPROCEEDINGS{kukelova, 
author={Z. {Kukelova} and J. {Heller} and A. {Fitzgibbon}}, 
booktitle={2016 IEEE Conference on Computer Vision and Pattern Recognition (CVPR)}, 
title={Efficient Intersection of Three Quadrics and Applications in Computer Vision}, 
year={2016}, 
volume={}, 
number={}, 
pages={1799-1808}, 
keywords={calibration;computer vision;matrix algebra;computer vision;quadrics;GroÌˆbner basis;resultant-based solutions;quadratic equations;absolute camera pose;unknown focal length;generalized pose-and-scale;hand-eye calibration;Computer vision;Cameras;Eigenvalues and eigenfunctions;Matrices;Algorithm design and analysis;Robot vision systems}, 
doi={10.1109/CVPR.2016.199}, 
ISSN={1063-6919}, 
month={June},}